
@article{Einstein1906,
  author =       {Einstein, Albert},
  doi =          {10.1002/andp.19063240204},
  issn =         {00033804},
  journal =      {Annalen der Physik},
  number =       {2},
  pages =        {289--306},
  title =        {{Eine neue Bestimmung der Molek\"{u}ldimensionen}},
  url =          {http://doi.wiley.com/10.1002/andp.19063240204},
  volume =       {324},
  year =         {1906}
}